<?xml version="1.0" encoding="UTF-8"?><collection xmlns="http://www.loc.gov/MARC21/slim"><record><leader>00471nam--2200169-i-4500</leader><controlfield tag="001">000011331</controlfield><controlfield tag="002">20161230</controlfield><controlfield tag="005">20161230201029</controlfield><controlfield tag="008">060222s1000------------r-----000-0-eng-d</controlfield><datafield ind1=" " ind2=" " tag="040"><subfield code="a">IFIN-HH</subfield></datafield><datafield ind1="1" ind2=" " tag="100"><subfield code="a">Giacaglia, G.E.O</subfield></datafield><datafield ind1="1" ind2="0" tag="245"><subfield code="a">Perturbation methods in non-linear systems</subfield><subfield code="c">G.E.O. Giacaglia</subfield></datafield><datafield ind1=" " ind2=" " tag="260"><subfield code="a">New York, Springer-verlag, 1972</subfield></datafield><datafield ind1=" " ind2=" " tag="300"><subfield code="a">369 p</subfield></datafield><datafield ind1=" " ind2=" " tag="490"><subfield code="a">Apllied Mathematical Science</subfield><subfield code="v">vol. 8</subfield></datafield><datafield ind1=" " ind2=" " tag="852"><subfield code="a">46910</subfield><subfield code="c">531</subfield></datafield><datafield ind1=" " ind2=" " tag="CAT"><subfield code="a">Sys</subfield><subfield code="c">20100624</subfield><subfield code="h">154137</subfield></datafield></record></collection>